<collection>
<record>
<controlfield tag="001">300</controlfield>
<datafield tag="245" ind1="" ind2="">
  <subfield code="a">Higgs candidate events for use in education and outreach</subfield>
</datafield>
<datafield tag="100" ind1="" ind2="">
  <subfield code="a">Thomas McCauley</subfield>
</datafield>
<datafield tag="520" ind1="" ind2="">
  <subfield code="a">This document contains Higgs candidate events (with an invariant mass between 120-130 GeV) that have been released by CMS for use in education and outreach: 10 gamma-gamma events, one 2e2mu event, one 4mu event, and one 4e event.</subfield>
</datafield>
<datafield tag="693" ind1=" " ind2=" ">
  <subfield code="a">CERN-LHC</subfield>
  <subfield code="e">CMS</subfield>
</datafield>
<datafield tag="980" ind1=" " ind2=" ">
  <subfield code="a">CMS-Derived-Datasets</subfield>
</datafield>
<datafield tag="FFT" ind1="" ind2="">
  <subfield code="a">https://cms-docdb.cern.ch/cgi-bin/PublicDocDB/RetrieveFile?docid=11976&version=6&filename=4lepton.csv</subfield>
  <subfield code="n">Higgs</subfield>
</datafield>
<datafield tag="FFT" ind1="" ind2="">
  <subfield code="a">https://cms-docdb.cern.ch/cgi-bin/PublicDocDB/RetrieveFile?docid=11976&version=6&filename=4lepton.ig</subfield>
  <subfield code="n">Higgs</subfield>
</datafield>
<datafield tag="FFT" ind1="" ind2="">
  <subfield code="a">https://cms-docdb.cern.ch/cgi-bin/PublicDocDB/RetrieveFile?docid=11976&version=6&filename=4lepton.json</subfield>
  <subfield code="n">Higgs</subfield>
</datafield>
<datafield tag="FFT" ind1="" ind2="">
  <subfield code="a">https://cms-docdb.cern.ch/cgi-bin/PublicDocDB/RetrieveFile?docid=11976&version=6&filename=diphoton.csv</subfield>
  <subfield code="n">Higgs</subfield>
</datafield>
<datafield tag="FFT" ind1="" ind2="">
  <subfield code="a">https://cms-docdb.cern.ch/cgi-bin/PublicDocDB/RetrieveFile?docid=11976&version=6&filename=diphoton.ig</subfield>
  <subfield code="n">Higgs</subfield>
</datafield>
<datafield tag="FFT" ind1="" ind2="">
  <subfield code="a">https://cms-docdb.cern.ch/cgi-bin/PublicDocDB/RetrieveFile?docid=11976&version=6&filename=diphoton.json</subfield>
  <subfield code="n">Higgs</subfield>
</datafield>
</record>