
<record>
<controlfield tag="001">301</controlfield>
<datafield tag="245" ind1="" ind2="">
  <subfield code="a">Dimuon events with invariant mass range 2-5 GeV for public education and outreach</subfield>
</datafield>
<datafield tag="100" ind1="" ind2="">
  <subfield code="a">Thomas McCauley</subfield>
</datafield>
<datafield tag="520" ind1="" ind2="">
  <subfield code="a">The collaboration approved 2000 dimuon events around the J/psi for use in elabs and masterclasses. This document contains the necessary ig, csv, and root files for these use-cases.</subfield>
</datafield>
<datafield tag="693" ind1=" " ind2=" ">
  <subfield code="a">CERN-LHC</subfield>
  <subfield code="e">CMS</subfield>
</datafield>
<datafield tag="980" ind1=" " ind2=" ">
  <subfield code="a">CMS-Derived-Datasets</subfield>
</datafield>
<datafield tag="FFT" ind1="" ind2="">
  <subfield code="a">https://cms-docdb.cern.ch/cgi-bin/PublicDocDB/RetrieveFile?docid=11580&version=2&filename=dimuon-Jpsi.csv</subfield>
  <subfield code="n">Jpsimumu</subfield>
</datafield>
<datafield tag="FFT" ind1="" ind2="">
  <subfield code="a">https://cms-docdb.cern.ch/cgi-bin/PublicDocDB/RetrieveFile?docid=11580&version=2&filename=dimuon-Jpsi_7.ig</subfield>
  <subfield code="n">Jpsimumu</subfield>
</datafield>
<datafield tag="FFT" ind1="" ind2="">
  <subfield code="a">https://cms-docdb.cern.ch/cgi-bin/PublicDocDB/RetrieveFile?docid=11580&version=2&filename=dimuon-Jpsi_8.ig</subfield>
  <subfield code="n">Jpsimumu</subfield>
</datafield>
<datafield tag="FFT" ind1="" ind2="">
  <subfield code="a">https://cms-docdb.cern.ch/cgi-bin/PublicDocDB/RetrieveFile?docid=11580&version=2&filename=dimuon-Jpsi_9.ig</subfield>
  <subfield code="n">Jpsimumu</subfield>
</datafield>
<datafield tag="FFT" ind1="" ind2="">
  <subfield code="a">https://cms-docdb.cern.ch/cgi-bin/PublicDocDB/RetrieveFile?docid=11580&version=2&filename=dimuon-Jpsi_10.ig</subfield>
  <subfield code="n">Jpsimumu</subfield>
</datafield>
<datafield tag="FFT" ind1="" ind2="">
  <subfield code="a">https://cms-docdb.cern.ch/cgi-bin/PublicDocDB/RetrieveFile?docid=11580&version=2&filename=dimuon-Jpsi_11.ig</subfield>
  <subfield code="n">Jpsimumu</subfield>
</datafield>
<datafield tag="FFT" ind1="" ind2="">
  <subfield code="a">https://cms-docdb.cern.ch/cgi-bin/PublicDocDB/RetrieveFile?docid=11580&version=2&filename=dimuon-Jpsi_12.ig</subfield>
  <subfield code="n">Jpsimumu</subfield>
</datafield>
<datafield tag="FFT" ind1="" ind2="">
  <subfield code="a">https://cms-docdb.cern.ch/cgi-bin/PublicDocDB/RetrieveFile?docid=11580&version=2&filename=dimuon-Jpsi_13.ig</subfield>
  <subfield code="n">Jpsimumu</subfield>
</datafield>
<datafield tag="FFT" ind1="" ind2="">
  <subfield code="a">https://cms-docdb.cern.ch/cgi-bin/PublicDocDB/RetrieveFile?docid=11580&version=2&filename=dimuon-Jpsi_14.ig</subfield>
  <subfield code="n">Jpsimumu</subfield>
</datafield>
<datafield tag="FFT" ind1="" ind2="">
  <subfield code="a">https://cms-docdb.cern.ch/cgi-bin/PublicDocDB/RetrieveFile?docid=11580&version=2&filename=dimuon-Jpsi_15.ig</subfield>
  <subfield code="n">Jpsimumu</subfield>
</datafield>
<datafield tag="FFT" ind1="" ind2="">
  <subfield code="a">https://cms-docdb.cern.ch/cgi-bin/PublicDocDB/RetrieveFile?docid=11580&version=2&filename=dimuon-Jpsi_16.ig</subfield>
  <subfield code="n">Jpsimumu</subfield>
</datafield>
<datafield tag="FFT" ind1="" ind2="">
  <subfield code="a">https://cms-docdb.cern.ch/cgi-bin/PublicDocDB/RetrieveFile?docid=11580&version=2&filename=dimuon-Jpsi.json</subfield>
  <subfield code="n">Jpsimumu</subfield>
</datafield>
<datafield tag="FFT" ind1="" ind2="">
  <subfield code="a">https://cms-docdb.cern.ch/cgi-bin/PublicDocDB/RetrieveFile?docid=11580&version=2&filename=dimuon-Jpsi_17.ig</subfield>
  <subfield code="n">Jpsimumu</subfield>
</datafield>
<datafield tag="FFT" ind1="" ind2="">
  <subfield code="a">https://cms-docdb.cern.ch/cgi-bin/PublicDocDB/RetrieveFile?docid=11580&version=2&filename=dimuon-Jpsi_18.ig</subfield>
  <subfield code="n">Jpsimumu</subfield>
</datafield>
<datafield tag="FFT" ind1="" ind2="">
  <subfield code="a">https://cms-docdb.cern.ch/cgi-bin/PublicDocDB/RetrieveFile?docid=11580&version=2&filename=dimuon-Jpsi_19.ig</subfield>
  <subfield code="n">Jpsimumu</subfield>
</datafield>
<datafield tag="FFT" ind1="" ind2="">
  <subfield code="a">https://cms-docdb.cern.ch/cgi-bin/PublicDocDB/RetrieveFile?docid=11580&version=2&filename=dimuon-Jpsi_0.ig</subfield>
  <subfield code="n">Jpsimumu</subfield>
</datafield>
<datafield tag="FFT" ind1="" ind2="">
  <subfield code="a">https://cms-docdb.cern.ch/cgi-bin/PublicDocDB/RetrieveFile?docid=11580&version=2&filename=dimuon-Jpsi_1.ig</subfield>
  <subfield code="n">Jpsimumu</subfield>
</datafield>
<datafield tag="FFT" ind1="" ind2="">
  <subfield code="a">https://cms-docdb.cern.ch/cgi-bin/PublicDocDB/RetrieveFile?docid=11580&version=2&filename=dimuon-Jpsi_2.ig</subfield>
  <subfield code="n">Jpsimumu</subfield>
</datafield>
<datafield tag="FFT" ind1="" ind2="">
  <subfield code="a">https://cms-docdb.cern.ch/cgi-bin/PublicDocDB/RetrieveFile?docid=11580&version=2&filename=dimuon-Jpsi_3.ig</subfield>
  <subfield code="n">Jpsimumu</subfield>
</datafield>
<datafield tag="FFT" ind1="" ind2="">
  <subfield code="a">https://cms-docdb.cern.ch/cgi-bin/PublicDocDB/RetrieveFile?docid=11580&version=2&filename=dimuon-Jpsi_4.ig</subfield>
  <subfield code="n">Jpsimumu</subfield>
</datafield>
<datafield tag="FFT" ind1="" ind2="">
  <subfield code="a">https://cms-docdb.cern.ch/cgi-bin/PublicDocDB/RetrieveFile?docid=11580&version=2&filename=dimuon-Jpsi_5.ig</subfield>
  <subfield code="n">Jpsimumu</subfield>
</datafield>
<datafield tag="FFT" ind1="" ind2="">
  <subfield code="a">https://cms-docdb.cern.ch/cgi-bin/PublicDocDB/RetrieveFile?docid=11580&version=2&filename=dimuon-Jpsi_6.ig</subfield>
  <subfield code="n">Jpsimumu</subfield>
</datafield>
</record>