
<record>
<controlfield tag="001">302</controlfield>
<datafield tag="245" ind1="" ind2="">
  <subfield code="a">Dielectron events with invariant mass range 2-5 GeV for public education and outreach</subfield>
</datafield>
<datafield tag="100" ind1="" ind2="">
  <subfield code="a">Thomas McCauley</subfield>
</datafield>
<datafield tag="520" ind1="" ind2="">
  <subfield code="a">The collaboration approved the release of 2000 dielectron events around the J/psi for use in elabs and masterclasses. This document contains the necessary files for these use-cases.</subfield>
</datafield>
<datafield tag="693" ind1=" " ind2=" ">
  <subfield code="a">CERN-LHC</subfield>
  <subfield code="e">CMS</subfield>
</datafield>
<datafield tag="980" ind1=" " ind2=" ">
  <subfield code="a">CMS-Derived-Datasets</subfield>
</datafield>
<datafield tag="FFT" ind1="" ind2="">
  <subfield code="a">https://cms-docdb.cern.ch/cgi-bin/PublicDocDB/RetrieveFile?docid=12064&version=1&filename=dielectron-Jpsi_0.ig</subfield>
  <subfield code="n">Jpsiee</subfield>
</datafield>
<datafield tag="FFT" ind1="" ind2="">
  <subfield code="a">https://cms-docdb.cern.ch/cgi-bin/PublicDocDB/RetrieveFile?docid=12064&version=1&filename=dielectron-Jpsi_17.ig</subfield>
  <subfield code="n">Jpsiee</subfield>
</datafield>
<datafield tag="FFT" ind1="" ind2="">
  <subfield code="a">https://cms-docdb.cern.ch/cgi-bin/PublicDocDB/RetrieveFile?docid=12064&version=1&filename=dielectron-Jpsi_18.ig</subfield>
  <subfield code="n">Jpsiee</subfield>
</datafield>
<datafield tag="FFT" ind1="" ind2="">
  <subfield code="a">https://cms-docdb.cern.ch/cgi-bin/PublicDocDB/RetrieveFile?docid=12064&version=1&filename=dielectron-Jpsi_19.ig</subfield>
  <subfield code="n">Jpsiee</subfield>
</datafield>
<datafield tag="FFT" ind1="" ind2="">
  <subfield code="a">https://cms-docdb.cern.ch/cgi-bin/PublicDocDB/RetrieveFile?docid=12064&version=1&filename=dielectron-Jpsi_2.ig</subfield>
  <subfield code="n">Jpsiee</subfield>
</datafield>
<datafield tag="FFT" ind1="" ind2="">
  <subfield code="a">https://cms-docdb.cern.ch/cgi-bin/PublicDocDB/RetrieveFile?docid=12064&version=1&filename=dielectron-Jpsi_3.ig</subfield>
  <subfield code="n">Jpsiee</subfield>
</datafield>
<datafield tag="FFT" ind1="" ind2="">
  <subfield code="a">https://cms-docdb.cern.ch/cgi-bin/PublicDocDB/RetrieveFile?docid=12064&version=1&filename=dielectron-Jpsi_4.ig</subfield>
  <subfield code="n">Jpsiee</subfield>
</datafield>
<datafield tag="FFT" ind1="" ind2="">
  <subfield code="a">https://cms-docdb.cern.ch/cgi-bin/PublicDocDB/RetrieveFile?docid=12064&version=1&filename=dielectron-Jpsi_5.ig</subfield>
  <subfield code="n">Jpsiee</subfield>
</datafield>
<datafield tag="FFT" ind1="" ind2="">
  <subfield code="a">https://cms-docdb.cern.ch/cgi-bin/PublicDocDB/RetrieveFile?docid=12064&version=1&filename=dielectron-Jpsi_6.ig</subfield>
  <subfield code="n">Jpsiee</subfield>
</datafield>
<datafield tag="FFT" ind1="" ind2="">
  <subfield code="a">https://cms-docdb.cern.ch/cgi-bin/PublicDocDB/RetrieveFile?docid=12064&version=1&filename=dielectron-Jpsi_7.ig</subfield>
  <subfield code="n">Jpsiee</subfield>
</datafield>
<datafield tag="FFT" ind1="" ind2="">
  <subfield code="a">https://cms-docdb.cern.ch/cgi-bin/PublicDocDB/RetrieveFile?docid=12064&version=1&filename=dielectron-Jpsi_8.ig</subfield>
  <subfield code="n">Jpsiee</subfield>
</datafield>
<datafield tag="FFT" ind1="" ind2="">
  <subfield code="a">https://cms-docdb.cern.ch/cgi-bin/PublicDocDB/RetrieveFile?docid=12064&version=1&filename=dielectron-Jpsi_1.ig</subfield>
  <subfield code="n">Jpsiee</subfield>
</datafield>
<datafield tag="FFT" ind1="" ind2="">
  <subfield code="a">https://cms-docdb.cern.ch/cgi-bin/PublicDocDB/RetrieveFile?docid=12064&version=1&filename=dielectron-Jpsi_9.ig</subfield>
  <subfield code="n">Jpsiee</subfield>
</datafield>
<datafield tag="FFT" ind1="" ind2="">
  <subfield code="a">https://cms-docdb.cern.ch/cgi-bin/PublicDocDB/RetrieveFile?docid=12064&version=1&filename=dielectron-Jpsi_10.ig</subfield>
  <subfield code="n">Jpsiee</subfield>
</datafield>
<datafield tag="FFT" ind1="" ind2="">
  <subfield code="a">https://cms-docdb.cern.ch/cgi-bin/PublicDocDB/RetrieveFile?docid=12064&version=1&filename=dielectron-Jpsi_11.ig</subfield>
  <subfield code="n">Jpsiee</subfield>
</datafield>
<datafield tag="FFT" ind1="" ind2="">
  <subfield code="a">https://cms-docdb.cern.ch/cgi-bin/PublicDocDB/RetrieveFile?docid=12064&version=1&filename=dielectron-Jpsi_12.ig</subfield>
  <subfield code="n">Jpsiee</subfield>
</datafield>
<datafield tag="FFT" ind1="" ind2="">
  <subfield code="a">https://cms-docdb.cern.ch/cgi-bin/PublicDocDB/RetrieveFile?docid=12064&version=1&filename=dielectron-Jpsi_13.ig</subfield>
  <subfield code="n">Jpsiee</subfield>
</datafield>
<datafield tag="FFT" ind1="" ind2="">
  <subfield code="a">https://cms-docdb.cern.ch/cgi-bin/PublicDocDB/RetrieveFile?docid=12064&version=1&filename=dielectron-Jpsi_14.ig</subfield>
  <subfield code="n">Jpsiee</subfield>
</datafield>
<datafield tag="FFT" ind1="" ind2="">
  <subfield code="a">https://cms-docdb.cern.ch/cgi-bin/PublicDocDB/RetrieveFile?docid=12064&version=1&filename=dielectron-Jpsi_15.ig</subfield>
  <subfield code="n">Jpsiee</subfield>
</datafield>
<datafield tag="FFT" ind1="" ind2="">
  <subfield code="a">https://cms-docdb.cern.ch/cgi-bin/PublicDocDB/RetrieveFile?docid=12064&version=1&filename=dielectron-Jpsi_16.ig</subfield>
  <subfield code="n">Jpsiee</subfield>
</datafield>
<datafield tag="FFT" ind1="" ind2="">
  <subfield code="a">https://cms-docdb.cern.ch/cgi-bin/PublicDocDB/RetrieveFile?docid=12064&version=1&filename=dielectron-Jpsi.csv</subfield>
  <subfield code="n">Jpsiee</subfield>
</datafield>
<datafield tag="FFT" ind1="" ind2="">
  <subfield code="a">https://cms-docdb.cern.ch/cgi-bin/PublicDocDB/RetrieveFile?docid=12064&version=1&filename=dielectron-Jpsi.json</subfield>
  <subfield code="n">Jpsiee</subfield>
</datafield>
</record>