
<record>
<controlfield tag="001">303</controlfield>
<datafield tag="245" ind1="" ind2="">
  <subfield code="a">Dimuon events for use in outreach and education</subfield>
</datafield>
<datafield tag="100" ind1="" ind2="">
  <subfield code="a">Thomas McCauley</subfield>
</datafield>
<datafield tag="520" ind1="" ind2="">
  <subfield code="a">The CMS collaboration has approved the release of 100k dimuon events in the invariant mass range 2-110 GeV for use in outreach and education (e.g. I2U2 and Quarknet). This document contains the files for this release.</subfield>
</datafield>
<datafield tag="693" ind1=" " ind2=" ">
  <subfield code="a">CERN-LHC</subfield>
  <subfield code="e">CMS</subfield>
</datafield>
<datafield tag="980" ind1=" " ind2=" ">
  <subfield code="a">CMS-Derived-Datasets</subfield>
</datafield>
<datafield tag="FFT" ind1="" ind2="">
  <subfield code="a">https://cms-docdb.cern.ch/cgi-bin/PublicDocDB/RetrieveFile?docid=11583&version=2&filename=dimuon100k.json</subfield>
  <subfield code="n">dimuon</subfield>
</datafield>
<datafield tag="FFT" ind1="" ind2="">
  <subfield code="a">https://cms-docdb.cern.ch/cgi-bin/PublicDocDB/RetrieveFile?docid=11583&version=2&filename=dimuon_7.ig</subfield>
  <subfield code="n">dimuon</subfield>
</datafield>
<datafield tag="FFT" ind1="" ind2="">
  <subfield code="a">https://cms-docdb.cern.ch/cgi-bin/PublicDocDB/RetrieveFile?docid=11583&version=2&filename=dimuon_8.ig</subfield>
  <subfield code="n">dimuon</subfield>
</datafield>
<datafield tag="FFT" ind1="" ind2="">
  <subfield code="a">https://cms-docdb.cern.ch/cgi-bin/PublicDocDB/RetrieveFile?docid=11583&version=2&filename=dimuon_9.ig</subfield>
  <subfield code="n">dimuon</subfield>
</datafield>
<datafield tag="FFT" ind1="" ind2="">
  <subfield code="a">https://cms-docdb.cern.ch/cgi-bin/PublicDocDB/RetrieveFile?docid=11583&version=2&filename=dimuon_2-110GeV.gif</subfield>
  <subfield code="n">dimuon</subfield>
</datafield>
<datafield tag="FFT" ind1="" ind2="">
  <subfield code="a">https://cms-docdb.cern.ch/cgi-bin/PublicDocDB/RetrieveFile?docid=11583&version=2&filename=dimuon_2-12GeV.gif</subfield>
  <subfield code="n">dimuon</subfield>
</datafield>
<datafield tag="FFT" ind1="" ind2="">
  <subfield code="a">https://cms-docdb.cern.ch/cgi-bin/PublicDocDB/RetrieveFile?docid=11583&version=2&filename=dimuon100k.csv</subfield>
  <subfield code="n">dimuon</subfield>
</datafield>
<datafield tag="FFT" ind1="" ind2="">
  <subfield code="a">https://cms-docdb.cern.ch/cgi-bin/PublicDocDB/RetrieveFile?docid=11583&version=2&filename=dimuon_0.ig</subfield>
  <subfield code="n">dimuon</subfield>
</datafield>
<datafield tag="FFT" ind1="" ind2="">
  <subfield code="a">https://cms-docdb.cern.ch/cgi-bin/PublicDocDB/RetrieveFile?docid=11583&version=2&filename=dimuon_1.ig</subfield>
  <subfield code="n">dimuon</subfield>
</datafield>
<datafield tag="FFT" ind1="" ind2="">
  <subfield code="a">https://cms-docdb.cern.ch/cgi-bin/PublicDocDB/RetrieveFile?docid=11583&version=2&filename=dimuon_2.ig</subfield>
  <subfield code="n">dimuon</subfield>
</datafield>
<datafield tag="FFT" ind1="" ind2="">
  <subfield code="a">https://cms-docdb.cern.ch/cgi-bin/PublicDocDB/RetrieveFile?docid=11583&version=2&filename=dimuon_3.ig</subfield>
  <subfield code="n">dimuon</subfield>
</datafield>
<datafield tag="FFT" ind1="" ind2="">
  <subfield code="a">https://cms-docdb.cern.ch/cgi-bin/PublicDocDB/RetrieveFile?docid=11583&version=2&filename=dimuon_4.ig</subfield>
  <subfield code="n">dimuon</subfield>
</datafield>
<datafield tag="FFT" ind1="" ind2="">
  <subfield code="a">https://cms-docdb.cern.ch/cgi-bin/PublicDocDB/RetrieveFile?docid=11583&version=2&filename=dimuon_5.ig</subfield>
  <subfield code="n">dimuon</subfield>
</datafield>
<datafield tag="FFT" ind1="" ind2="">
  <subfield code="a">https://cms-docdb.cern.ch/cgi-bin/PublicDocDB/RetrieveFile?docid=11583&version=2&filename=dimuon_6.ig</subfield>
  <subfield code="n">dimuon</subfield>
</datafield>
</record>