
<record>
<controlfield tag="001">304</controlfield>
<datafield tag="245" ind1="" ind2="">
  <subfield code="a">Dielectron events for use in education and outreach</subfield>
</datafield>
<datafield tag="100" ind1="" ind2="">
  <subfield code="a">Thomas McCauley</subfield>
</datafield>
<datafield tag="520" ind1="" ind2="">
  <subfield code="a">The CMS collaboration has approved the release of 100k dielectron events in the invariant mass range 2-110 GeV for use in outreach and education (e.g. I2U2 and Quarknet). This document contains the files for this release.</subfield>
</datafield>
<datafield tag="693" ind1=" " ind2=" ">
  <subfield code="a">CERN-LHC</subfield>
  <subfield code="e">CMS</subfield>
</datafield>
<datafield tag="980" ind1=" " ind2=" ">
  <subfield code="a">CMS-Derived-Datasets</subfield>
</datafield>
<datafield tag="FFT" ind1="" ind2="">
  <subfield code="a">https://cms-docdb.cern.ch/cgi-bin/PublicDocDB/RetrieveFile?docid=12037&version=1&filename=dielectron_0.ig</subfield>
  <subfield code="n">dielectron</subfield>
</datafield>
<datafield tag="FFT" ind1="" ind2="">
  <subfield code="a">https://cms-docdb.cern.ch/cgi-bin/PublicDocDB/RetrieveFile?docid=12037&version=1&filename=dielectron100k.csv</subfield>
  <subfield code="n">dielectron</subfield>
</datafield>
<datafield tag="FFT" ind1="" ind2="">
  <subfield code="a">https://cms-docdb.cern.ch/cgi-bin/PublicDocDB/RetrieveFile?docid=12037&version=1&filename=dielectron100k.json</subfield>
  <subfield code="n">dielectron</subfield>
</datafield>
<datafield tag="FFT" ind1="" ind2="">
  <subfield code="a">https://cms-docdb.cern.ch/cgi-bin/PublicDocDB/RetrieveFile?docid=12037&version=1&filename=dielectron_1.ig</subfield>
  <subfield code="n">dielectron</subfield>
</datafield>
<datafield tag="FFT" ind1="" ind2="">
  <subfield code="a">https://cms-docdb.cern.ch/cgi-bin/PublicDocDB/RetrieveFile?docid=12037&version=1&filename=dielectron_2.ig</subfield>
  <subfield code="n">dielectron</subfield>
</datafield>
<datafield tag="FFT" ind1="" ind2="">
  <subfield code="a">https://cms-docdb.cern.ch/cgi-bin/PublicDocDB/RetrieveFile?docid=12037&version=1&filename=dielectron_3.ig</subfield>
  <subfield code="n">dielectron</subfield>
</datafield>
<datafield tag="FFT" ind1="" ind2="">
  <subfield code="a">https://cms-docdb.cern.ch/cgi-bin/PublicDocDB/RetrieveFile?docid=12037&version=1&filename=dielectron_4.ig</subfield>
  <subfield code="n">dielectron</subfield>
</datafield>
<datafield tag="FFT" ind1="" ind2="">
  <subfield code="a">https://cms-docdb.cern.ch/cgi-bin/PublicDocDB/RetrieveFile?docid=12037&version=1&filename=dielectron_5.ig</subfield>
  <subfield code="n">dielectron</subfield>
</datafield>
<datafield tag="FFT" ind1="" ind2="">
  <subfield code="a">https://cms-docdb.cern.ch/cgi-bin/PublicDocDB/RetrieveFile?docid=12037&version=1&filename=dielectron_6.ig</subfield>
  <subfield code="n">dielectron</subfield>
</datafield>
<datafield tag="FFT" ind1="" ind2="">
  <subfield code="a">https://cms-docdb.cern.ch/cgi-bin/PublicDocDB/RetrieveFile?docid=12037&version=1&filename=dielectron_7.ig</subfield>
  <subfield code="n">dielectron</subfield>
</datafield>
<datafield tag="FFT" ind1="" ind2="">
  <subfield code="a">https://cms-docdb.cern.ch/cgi-bin/PublicDocDB/RetrieveFile?docid=12037&version=1&filename=dielectron_8.ig</subfield>
  <subfield code="n">dielectron</subfield>
</datafield>
<datafield tag="FFT" ind1="" ind2="">
  <subfield code="a">https://cms-docdb.cern.ch/cgi-bin/PublicDocDB/RetrieveFile?docid=12037&version=1&filename=dielectron_9.ig</subfield>
  <subfield code="n">dielectron</subfield>
</datafield>
</record>