
<record>
<controlfield tag="001">305</controlfield>
<datafield tag="245" ind1="" ind2="">
  <subfield code="a">Dielectron events with invariant mass range 8-12 GeV for public education and outreach</subfield>
</datafield>
<datafield tag="100" ind1="" ind2="">
  <subfield code="a">Thomas McCauley</subfield>
</datafield>
<datafield tag="520" ind1="" ind2="">
  <subfield code="a">The collaboration approved the release of 2000 dielectron events around the Upsilon for use in elabs and masterclasses. This document contains the necessary files for these use-cases.</subfield>
</datafield>
<datafield tag="693" ind1=" " ind2=" ">
  <subfield code="a">CERN-LHC</subfield>
  <subfield code="e">CMS</subfield>
</datafield>
<datafield tag="980" ind1=" " ind2=" ">
  <subfield code="a">CMS-Derived-Datasets</subfield>
</datafield>
<datafield tag="FFT" ind1="" ind2="">
  <subfield code="a">https://cms-docdb.cern.ch/cgi-bin/PublicDocDB/RetrieveFile?docid=12065&version=1&filename=dielectron-Upsilon_0.ig</subfield>
  <subfield code="n">Yee</subfield>
</datafield>
<datafield tag="FFT" ind1="" ind2="">
  <subfield code="a">https://cms-docdb.cern.ch/cgi-bin/PublicDocDB/RetrieveFile?docid=12065&version=1&filename=dielectron-Upsilon_17.ig</subfield>
  <subfield code="n">Yee</subfield>
</datafield>
<datafield tag="FFT" ind1="" ind2="">
  <subfield code="a">https://cms-docdb.cern.ch/cgi-bin/PublicDocDB/RetrieveFile?docid=12065&version=1&filename=dielectron-Upsilon_18.ig</subfield>
  <subfield code="n">Yee</subfield>
</datafield>
<datafield tag="FFT" ind1="" ind2="">
  <subfield code="a">https://cms-docdb.cern.ch/cgi-bin/PublicDocDB/RetrieveFile?docid=12065&version=1&filename=dielectron-Upsilon_19.ig</subfield>
  <subfield code="n">Yee</subfield>
</datafield>
<datafield tag="FFT" ind1="" ind2="">
  <subfield code="a">https://cms-docdb.cern.ch/cgi-bin/PublicDocDB/RetrieveFile?docid=12065&version=1&filename=dielectron-Upsilon_2.ig</subfield>
  <subfield code="n">Yee</subfield>
</datafield>
<datafield tag="FFT" ind1="" ind2="">
  <subfield code="a">https://cms-docdb.cern.ch/cgi-bin/PublicDocDB/RetrieveFile?docid=12065&version=1&filename=dielectron-Upsilon_3.ig</subfield>
  <subfield code="n">Yee</subfield>
</datafield>
<datafield tag="FFT" ind1="" ind2="">
  <subfield code="a">https://cms-docdb.cern.ch/cgi-bin/PublicDocDB/RetrieveFile?docid=12065&version=1&filename=dielectron-Upsilon_4.ig</subfield>
  <subfield code="n">Yee</subfield>
</datafield>
<datafield tag="FFT" ind1="" ind2="">
  <subfield code="a">https://cms-docdb.cern.ch/cgi-bin/PublicDocDB/RetrieveFile?docid=12065&version=1&filename=dielectron-Upsilon_5.ig</subfield>
  <subfield code="n">Yee</subfield>
</datafield>
<datafield tag="FFT" ind1="" ind2="">
  <subfield code="a">https://cms-docdb.cern.ch/cgi-bin/PublicDocDB/RetrieveFile?docid=12065&version=1&filename=dielectron-Upsilon_6.ig</subfield>
  <subfield code="n">Yee</subfield>
</datafield>
<datafield tag="FFT" ind1="" ind2="">
  <subfield code="a">https://cms-docdb.cern.ch/cgi-bin/PublicDocDB/RetrieveFile?docid=12065&version=1&filename=dielectron-Upsilon_7.ig</subfield>
  <subfield code="n">Yee</subfield>
</datafield>
<datafield tag="FFT" ind1="" ind2="">
  <subfield code="a">https://cms-docdb.cern.ch/cgi-bin/PublicDocDB/RetrieveFile?docid=12065&version=1&filename=dielectron-Upsilon_8.ig</subfield>
  <subfield code="n">Yee</subfield>
</datafield>
<datafield tag="FFT" ind1="" ind2="">
  <subfield code="a">https://cms-docdb.cern.ch/cgi-bin/PublicDocDB/RetrieveFile?docid=12065&version=1&filename=dielectron-Upsilon_1.ig</subfield>
  <subfield code="n">Yee</subfield>
</datafield>
<datafield tag="FFT" ind1="" ind2="">
  <subfield code="a">https://cms-docdb.cern.ch/cgi-bin/PublicDocDB/RetrieveFile?docid=12065&version=1&filename=dielectron-Upsilon_9.ig</subfield>
  <subfield code="n">Yee</subfield>
</datafield>
<datafield tag="FFT" ind1="" ind2="">
  <subfield code="a">https://cms-docdb.cern.ch/cgi-bin/PublicDocDB/RetrieveFile?docid=12065&version=1&filename=dielectron-Upsilon_10.ig</subfield>
  <subfield code="n">Yee</subfield>
</datafield>
<datafield tag="FFT" ind1="" ind2="">
  <subfield code="a">https://cms-docdb.cern.ch/cgi-bin/PublicDocDB/RetrieveFile?docid=12065&version=1&filename=dielectron-Upsilon_11.ig</subfield>
  <subfield code="n">Yee</subfield>
</datafield>
<datafield tag="FFT" ind1="" ind2="">
  <subfield code="a">https://cms-docdb.cern.ch/cgi-bin/PublicDocDB/RetrieveFile?docid=12065&version=1&filename=dielectron-Upsilon_12.ig</subfield>
  <subfield code="n">Yee</subfield>
</datafield>
<datafield tag="FFT" ind1="" ind2="">
  <subfield code="a">https://cms-docdb.cern.ch/cgi-bin/PublicDocDB/RetrieveFile?docid=12065&version=1&filename=dielectron-Upsilon_13.ig</subfield>
  <subfield code="n">Yee</subfield>
</datafield>
<datafield tag="FFT" ind1="" ind2="">
  <subfield code="a">https://cms-docdb.cern.ch/cgi-bin/PublicDocDB/RetrieveFile?docid=12065&version=1&filename=dielectron-Upsilon_14.ig</subfield>
  <subfield code="n">Yee</subfield>
</datafield>
<datafield tag="FFT" ind1="" ind2="">
  <subfield code="a">https://cms-docdb.cern.ch/cgi-bin/PublicDocDB/RetrieveFile?docid=12065&version=1&filename=dielectron-Upsilon_15.ig</subfield>
  <subfield code="n">Yee</subfield>
</datafield>
<datafield tag="FFT" ind1="" ind2="">
  <subfield code="a">https://cms-docdb.cern.ch/cgi-bin/PublicDocDB/RetrieveFile?docid=12065&version=1&filename=dielectron-Upsilon_16.ig</subfield>
  <subfield code="n">Yee</subfield>
</datafield>
<datafield tag="FFT" ind1="" ind2="">
  <subfield code="a">https://cms-docdb.cern.ch/cgi-bin/PublicDocDB/RetrieveFile?docid=12065&version=1&filename=dielectron-Upsilon.csv</subfield>
  <subfield code="n">Yee</subfield>
</datafield>
<datafield tag="FFT" ind1="" ind2="">
  <subfield code="a">https://cms-docdb.cern.ch/cgi-bin/PublicDocDB/RetrieveFile?docid=12065&version=1&filename=dielectron-Upsilon.json</subfield>
  <subfield code="n">Yee</subfield>
</datafield>
</record>