
<record>
<controlfield tag="001">306</controlfield>
<datafield tag="245" ind1="" ind2="">
  <subfield code="a">Z to ee candidate events for public use</subfield>
</datafield>
<datafield tag="100" ind1="" ind2="">
  <subfield code="a">Thomas McCauley</subfield>
</datafield>
<datafield tag="520" ind1="" ind2="">
  <subfield code="a">500 Z ee candidate events from real data (2010, 7 TeV) approved for public outreach and education usage at Dec 2010 Collaboration Board meeting.</subfield>
</datafield>
<datafield tag="693" ind1=" " ind2=" ">
  <subfield code="a">CERN-LHC</subfield>
  <subfield code="e">CMS</subfield>
</datafield>
<datafield tag="980" ind1=" " ind2=" ">
  <subfield code="a">CMS-Derived-Datasets</subfield>
</datafield>
<datafield tag="FFT" ind1="" ind2="">
  <subfield code="a">https://cms-docdb.cern.ch/cgi-bin/PublicDocDB/RetrieveFile?docid=11581&version=2&filename=Zee.csv</subfield>
  <subfield code="n">Zee</subfield>
</datafield>
<datafield tag="FFT" ind1="" ind2="">
  <subfield code="a">https://cms-docdb.cern.ch/cgi-bin/PublicDocDB/RetrieveFile?docid=11581&version=2&filename=Zee.json</subfield>
  <subfield code="n">Zee</subfield>
</datafield>
<datafield tag="FFT" ind1="" ind2="">
  <subfield code="a">https://cms-docdb.cern.ch/cgi-bin/PublicDocDB/RetrieveFile?docid=11581&version=2&filename=Zee_0.ig</subfield>
  <subfield code="n">Zee</subfield>
</datafield>
<datafield tag="FFT" ind1="" ind2="">
  <subfield code="a">https://cms-docdb.cern.ch/cgi-bin/PublicDocDB/RetrieveFile?docid=11581&version=2&filename=Zee_1.ig</subfield>
  <subfield code="n">Zee</subfield>
</datafield>
<datafield tag="FFT" ind1="" ind2="">
  <subfield code="a">https://cms-docdb.cern.ch/cgi-bin/PublicDocDB/RetrieveFile?docid=11581&version=2&filename=Zee_2.ig</subfield>
  <subfield code="n">Zee</subfield>
</datafield>
<datafield tag="FFT" ind1="" ind2="">
  <subfield code="a">https://cms-docdb.cern.ch/cgi-bin/PublicDocDB/RetrieveFile?docid=11581&version=2&filename=Zee_3.ig</subfield>
  <subfield code="n">Zee</subfield>
</datafield>
<datafield tag="FFT" ind1="" ind2="">
  <subfield code="a">https://cms-docdb.cern.ch/cgi-bin/PublicDocDB/RetrieveFile?docid=11581&version=2&filename=Zee_4.ig</subfield>
  <subfield code="n">Zee</subfield>
</datafield>
</record>