
<record>
<controlfield tag="001">307</controlfield>
<datafield tag="245" ind1="" ind2="">
  <subfield code="a">Z to mu mu candidate events for public use</subfield>
</datafield>
<datafield tag="100" ind1="" ind2="">
  <subfield code="a">Thomas McCauley</subfield>
</datafield>
<datafield tag="520" ind1="" ind2="">
  <subfield code="a">500 Z mu mu candidate events from real data (2010, 7 TeV) approved for public outreach and education usage at Dec 2010 Collaboration Board meeting.</subfield>
</datafield>
<datafield tag="693" ind1=" " ind2=" ">
  <subfield code="a">CERN-LHC</subfield>
  <subfield code="e">CMS</subfield>
</datafield>
<datafield tag="980" ind1=" " ind2=" ">
  <subfield code="a">CMS-Derived-Datasets</subfield>
</datafield>
<datafield tag="FFT" ind1="" ind2="">
  <subfield code="a">https://cms-docdb.cern.ch/cgi-bin/PublicDocDB/RetrieveFile?docid=11582&version=2&filename=Zmumu_0.ig</subfield>
  <subfield code="n">Zmumu</subfield>
</datafield>
<datafield tag="FFT" ind1="" ind2="">
  <subfield code="a">https://cms-docdb.cern.ch/cgi-bin/PublicDocDB/RetrieveFile?docid=11582&version=2&filename=Zmumu_1.ig</subfield>
  <subfield code="n">Zmumu</subfield>
</datafield>
<datafield tag="FFT" ind1="" ind2="">
  <subfield code="a">https://cms-docdb.cern.ch/cgi-bin/PublicDocDB/RetrieveFile?docid=11582&version=2&filename=Zmumu_2.ig</subfield>
  <subfield code="n">Zmumu</subfield>
</datafield>
<datafield tag="FFT" ind1="" ind2="">
  <subfield code="a">https://cms-docdb.cern.ch/cgi-bin/PublicDocDB/RetrieveFile?docid=11582&version=2&filename=Zmumu_3.ig</subfield>
  <subfield code="n">Zmumu</subfield>
</datafield>
<datafield tag="FFT" ind1="" ind2="">
  <subfield code="a">https://cms-docdb.cern.ch/cgi-bin/PublicDocDB/RetrieveFile?docid=11582&version=2&filename=Zmumu_4.ig</subfield>
  <subfield code="n">Zmumu</subfield>
</datafield>
<datafield tag="FFT" ind1="" ind2="">
  <subfield code="a">https://cms-docdb.cern.ch/cgi-bin/PublicDocDB/RetrieveFile?docid=11582&version=2&filename=Zmumu.csv</subfield>
  <subfield code="n">Zmumu</subfield>
</datafield>
<datafield tag="FFT" ind1="" ind2="">
  <subfield code="a">https://cms-docdb.cern.ch/cgi-bin/PublicDocDB/RetrieveFile?docid=11582&version=2&filename=Zmumu.json</subfield>
  <subfield code="n">Zmumu</subfield>
</datafield>
</record>