
<record>
<controlfield tag="001">308</controlfield>
<datafield tag="245" ind1="" ind2="">
  <subfield code="a">W to enu events approved for educational use</subfield>
</datafield>
<datafield tag="100" ind1="" ind2="">
  <subfield code="a">Thomas McCauley</subfield>
</datafield>
<datafield tag="520" ind1="" ind2="">
  <subfield code="a">In April 2011 the CMS CB approved 1000 W to enu events be made available for educational use (in e.g. masterclasses and elabs). Included here are the data files, summary files, and various plots.</subfield>
</datafield>
<datafield tag="693" ind1=" " ind2=" ">
  <subfield code="a">CERN-LHC</subfield>
  <subfield code="e">CMS</subfield>
</datafield>
<datafield tag="980" ind1=" " ind2=" ">
  <subfield code="a">CMS-Derived-Datasets</subfield>
</datafield>
<datafield tag="FFT" ind1="" ind2="">
  <subfield code="a">https://cms-docdb.cern.ch/cgi-bin/PublicDocDB/RetrieveFile?docid=4673&version=4&filename=Wenu.csv</subfield>
  <subfield code="n">Wenu</subfield>
</datafield>
<datafield tag="FFT" ind1="" ind2="">
  <subfield code="a">https://cms-docdb.cern.ch/cgi-bin/PublicDocDB/RetrieveFile?docid=4673&version=4&filename=Wenu_7.ig</subfield>
  <subfield code="n">Wenu</subfield>
</datafield>
<datafield tag="FFT" ind1="" ind2="">
  <subfield code="a">https://cms-docdb.cern.ch/cgi-bin/PublicDocDB/RetrieveFile?docid=4673&version=4&filename=Wenu_8.ig</subfield>
  <subfield code="n">Wenu</subfield>
</datafield>
<datafield tag="FFT" ind1="" ind2="">
  <subfield code="a">https://cms-docdb.cern.ch/cgi-bin/PublicDocDB/RetrieveFile?docid=4673&version=4&filename=Wenu_9.ig</subfield>
  <subfield code="n">Wenu</subfield>
</datafield>
<datafield tag="FFT" ind1="" ind2="">
  <subfield code="a">https://cms-docdb.cern.ch/cgi-bin/PublicDocDB/RetrieveFile?docid=4673&version=4&filename=Wenu.json</subfield>
  <subfield code="n">Wenu</subfield>
</datafield>
<datafield tag="FFT" ind1="" ind2="">
  <subfield code="a">https://cms-docdb.cern.ch/cgi-bin/PublicDocDB/RetrieveFile?docid=4673&version=4&filename=Wenu_0.ig</subfield>
  <subfield code="n">Wenu</subfield>
</datafield>
<datafield tag="FFT" ind1="" ind2="">
  <subfield code="a">https://cms-docdb.cern.ch/cgi-bin/PublicDocDB/RetrieveFile?docid=4673&version=4&filename=Wenu_1.ig</subfield>
  <subfield code="n">Wenu</subfield>
</datafield>
<datafield tag="FFT" ind1="" ind2="">
  <subfield code="a">https://cms-docdb.cern.ch/cgi-bin/PublicDocDB/RetrieveFile?docid=4673&version=4&filename=Wenu_2.ig</subfield>
  <subfield code="n">Wenu</subfield>
</datafield>
<datafield tag="FFT" ind1="" ind2="">
  <subfield code="a">https://cms-docdb.cern.ch/cgi-bin/PublicDocDB/RetrieveFile?docid=4673&version=4&filename=Wenu_3.ig</subfield>
  <subfield code="n">Wenu</subfield>
</datafield>
<datafield tag="FFT" ind1="" ind2="">
  <subfield code="a">https://cms-docdb.cern.ch/cgi-bin/PublicDocDB/RetrieveFile?docid=4673&version=4&filename=Wenu_4.ig</subfield>
  <subfield code="n">Wenu</subfield>
</datafield>
<datafield tag="FFT" ind1="" ind2="">
  <subfield code="a">https://cms-docdb.cern.ch/cgi-bin/PublicDocDB/RetrieveFile?docid=4673&version=4&filename=Wenu_5.ig</subfield>
  <subfield code="n">Wenu</subfield>
</datafield>
<datafield tag="FFT" ind1="" ind2="">
  <subfield code="a">https://cms-docdb.cern.ch/cgi-bin/PublicDocDB/RetrieveFile?docid=4673&version=4&filename=Wenu_6.ig</subfield>
  <subfield code="n">Wenu</subfield>
</datafield>
</record>