
<record>
<controlfield tag="001">309</controlfield>
<datafield tag="245" ind1="" ind2="">
  <subfield code="a">W to munu events approved for educational use</subfield>
</datafield>
<datafield tag="100" ind1="" ind2="">
  <subfield code="a">Thomas McCauley</subfield>
</datafield>
<datafield tag="520" ind1="" ind2="">
  <subfield code="a">In April 2011 the CMS CB approved 1000 W to munu events be made available for educational use (in e.g. masterclasses and elabs). Included here are the data files, summary files, and various plots.</subfield>
</datafield>
<datafield tag="693" ind1=" " ind2=" ">
  <subfield code="a">CERN-LHC</subfield>
  <subfield code="e">CMS</subfield>
</datafield>
<datafield tag="980" ind1=" " ind2=" ">
  <subfield code="a">CMS-Derived-Datasets</subfield>
</datafield>
<datafield tag="FFT" ind1="" ind2="">
  <subfield code="a">https://cms-docdb.cern.ch/cgi-bin/PublicDocDB/RetrieveFile?docid=4655&version=4&filename=Wmunu.csv</subfield>
  <subfield code="n">Wmunu</subfield>
</datafield>
<datafield tag="FFT" ind1="" ind2="">
  <subfield code="a">https://cms-docdb.cern.ch/cgi-bin/PublicDocDB/RetrieveFile?docid=4655&version=4&filename=Wmunu_7.ig</subfield>
  <subfield code="n">Wmunu</subfield>
</datafield>
<datafield tag="FFT" ind1="" ind2="">
  <subfield code="a">https://cms-docdb.cern.ch/cgi-bin/PublicDocDB/RetrieveFile?docid=4655&version=4&filename=Wmunu_8.ig</subfield>
  <subfield code="n">Wmunu</subfield>
</datafield>
<datafield tag="FFT" ind1="" ind2="">
  <subfield code="a">https://cms-docdb.cern.ch/cgi-bin/PublicDocDB/RetrieveFile?docid=4655&version=4&filename=Wmunu_9.ig</subfield>
  <subfield code="n">Wmunu</subfield>
</datafield>
<datafield tag="FFT" ind1="" ind2="">
  <subfield code="a">https://cms-docdb.cern.ch/cgi-bin/PublicDocDB/RetrieveFile?docid=4655&version=4&filename=Wmunu.json</subfield>
  <subfield code="n">Wmunu</subfield>
</datafield>
<datafield tag="FFT" ind1="" ind2="">
  <subfield code="a">https://cms-docdb.cern.ch/cgi-bin/PublicDocDB/RetrieveFile?docid=4655&version=4&filename=Wmunu_0.ig</subfield>
  <subfield code="n">Wmunu</subfield>
</datafield>
<datafield tag="FFT" ind1="" ind2="">
  <subfield code="a">https://cms-docdb.cern.ch/cgi-bin/PublicDocDB/RetrieveFile?docid=4655&version=4&filename=Wmunu_1.ig</subfield>
  <subfield code="n">Wmunu</subfield>
</datafield>
<datafield tag="FFT" ind1="" ind2="">
  <subfield code="a">https://cms-docdb.cern.ch/cgi-bin/PublicDocDB/RetrieveFile?docid=4655&version=4&filename=Wmunu_2.ig</subfield>
  <subfield code="n">Wmunu</subfield>
</datafield>
<datafield tag="FFT" ind1="" ind2="">
  <subfield code="a">https://cms-docdb.cern.ch/cgi-bin/PublicDocDB/RetrieveFile?docid=4655&version=4&filename=Wmunu_3.ig</subfield>
  <subfield code="n">Wmunu</subfield>
</datafield>
<datafield tag="FFT" ind1="" ind2="">
  <subfield code="a">https://cms-docdb.cern.ch/cgi-bin/PublicDocDB/RetrieveFile?docid=4655&version=4&filename=Wmunu_4.ig</subfield>
  <subfield code="n">Wmunu</subfield>
</datafield>
<datafield tag="FFT" ind1="" ind2="">
  <subfield code="a">https://cms-docdb.cern.ch/cgi-bin/PublicDocDB/RetrieveFile?docid=4655&version=4&filename=Wmunu_5.ig</subfield>
  <subfield code="n">Wmunu</subfield>
</datafield>
<datafield tag="FFT" ind1="" ind2="">
  <subfield code="a">https://cms-docdb.cern.ch/cgi-bin/PublicDocDB/RetrieveFile?docid=4655&version=4&filename=Wmunu_6.ig</subfield>
  <subfield code="n">Wmunu</subfield>
</datafield>
</record>
</collection>
